@misc{becker2019genomics,
  author       = {Erin Alison Becker and
                  Anita Schürch and
                  Tracy Teal and
                  Sheldon John McKay and
                  Jessica Elizabeth Mizzi and
                  François Michonneau and
                  Amy E. Hodge and
                  Shannon EK Joslin and
                  Taylor Reiter and
                  Karen Cranston and
                  Kari L Jordan and
                  Tristan De Buysscher and
                  Niclas Jareborg and
                  Tobi and
                  Amanda Charbonneau and
                  Bastian Greshake Tzovaras and
                  Bérénice Batut and
                  Colin Davenport and
                  Diya Das and
                  Giulio Valentino Dalla Riva and
                  Omar Julio Sosa and
                  Mattias de Hollander and
                  Mike Lee and
                  Rayna Michelle Harris and
                  Ross Cunning and
                  Sarah Stevens and
                  Siva Chudalayandi and
                  Russell Neches},
  title        = {{datacarpentry/shell-genomics: Data Carpentry: 
                   Introduction to the shell for genomics data, June
                   2019}},
  month        = jun,
  year         = 2019,
  publisher    = {Zenodo},
  version      = {v2019.06.1},
  doi          = {10.5281/zenodo.3260560},
  url          = {https://doi.org/10.5281/zenodo.3260560}
}


@article{noble2009organization,
	abstract = {null},
	author = {Noble, William Stafford},
	doi = {10.1371/journal.pcbi.1000424},
	journal = {PLOS Computational Biology},
	month = {07},
	number = {7},
	pages = {1-5},
	publisher = {Public Library of Science},
	title = {A Quick Guide to Organizing Computational Biology Projects},
	url = {https://doi.org/10.1371/journal.pcbi.1000424},
	volume = {5},
	year = {2009},
	bdsk-url-1 = {https://doi.org/10.1371/journal.pcbi.1000424}}
